@misc{magic-abilities,
	author = {Talk},
	howpublished = {\url{http://mtg.wikia.com/wiki/Keyword_Abilities}},
	note = {Accessed: 15/02/2013},
	year = {2011}
}
@misc{magic-the-gathering,
	author = {Richard Garfield},
	title = {Magic: The Gathering},
	year = {1993},
	note = {Introduced by: Wizards of the Coast}
}
@misc{sandscape,
	author = {Knitter},
	howpublished = {\url{http://sourceforge.net/projects/sandscape/}},
	title = {SandScape},
	year = {2011},
	month = {1},
	note = {Accessed: 05/03/2013}
}
@misc{wtactics,
	author = {Snowdrop},
	howpublished = {\url{http://wtactics.org/the-game/}},
	title = {WTactics},
	year = {2011},
	note = {Accessed: 05/03/2013}
}
@misc{forge,
	author = {Chris H.},
	howpublished = {\url{http://www.slightlymagic.net/wiki/Forge}},
	title = {Forge},
	year = {2009},
	month = {3},
	note = {Accessed: 05/03/2013}
}
@misc{forge-api,
	author = {Friarsol},
	howpublished = {\url{http://www.slightlymagic.net/wiki/Forge_API}},
	title = {Forge API},
	year = {2010},
	month = {10},
	note = {Accessed: 05/03/2013}
}