@string{BB    = "Biotechnology and Bioengineering"}
@string{BP    = "Biotechnology Progress"}

@book{texbook,
author = {D. E. Knuth},
title = {The \TeX{}book. Deel~A van de serie {\it Computers and Typesetting}},
publisher = {Addison-Wesley},
year = {1984},
	edition = {},
	address = {}
}
@book{lamport94,
author = {L. Lamport},
title = {\LaTeX, A Document Preparation System, User's Guide and Reference Manual},
publisher = {Addison-Wesley},
year = {1994},
	edition = {second},
	address = {}
}
@book{companion,
author = {M. Goossens and F. Mittelbach and A. Samarin},
title = {The \LaTeX\ Companion},
publisher = {Addison-Wesley},
year = {1994},
	edition = {},
	address = {}
}
@book{kopka99,
author = {H. Kopka and P.W. Daly},
title = {A Guide to {\LaTeX}},
publisher = {Addison-Wesley},
year = {1999},
	edition = {Third},
	address = {}
}
@unpublished{vanOostrum96,
author = {van Oostrum, Piet},
title = {Handleiding {\LaTeX}},
note = {{\url{http://www.cs.uu.nl/~piet/latexhnd.pdf}}},
	year = {1996}
}

@article{athos:92,
author = {Athos, A. and Porthos, D. and Aramis, D.},
title = "The influence of \textit{Women} on society and how to cope with",
journal = "Journal of Random Logic",
year = {1992},
    volume = {13},
    pages = {11-19}
}
@article{baal01,
author = {J. Ba{ä}l},
title = {Wijlen de boekentoren?},
journal = {Schamper},
year = {2001},
	volume = {392},
	number = {},
	pages = {},
	note = {{\url{http://www.schamper.ugent.be/schamper389/389-liegende_reporter.phtml}}}
}
@article{jones02,
author = {I.R. Jones and Ethan Allen},
title = {Detection of Large Woody Debris Accumulations in Old-Growth Forests Using Sonic Wave Collection},
journal = {Transactions of the Important Tree Scientists},
year = {2002},
	volume = {120},
	number = {},
	pages = {201-209},
	note = {}
}


De lege verwijzingen mogen niet beginnen met het speciale at-teken. 
Kopieer en Plak de template die je nodig hebt en vervang dan de eerste a door een at-teken.

Aarticle{,
author = {},
title = {},
journal = {},
year = {},
	volume = {},
	number = {},
	pages = {},
	note = {},
	month = {}
}
Abook{,
author = {},
title = {},
publisher = {},
year = {},
	volume = {},
	series = {},
	month = {},
	edition = {},
	address = {},
	note = {}
}

Ainbook{,
author = {},
title = {},
chapter = {},
pages = {},
publisher = {},
year = {},
	volume = {},
	series = {},
	type = {},
	address = {},
	month = {},
	edition = {},
	note = {}
}

Amastersthesis{,
author = {},
title = {},
school = {},
year = {},
	type = {Afstudeerwerk},
	address = {},
	month = {},
	note = {}
}



Aphdthesis{,
author = {},
title = {},
school = {},
year = {},
	type = {Doctoraatsthesis},
	address = {},
	month = {},
	note = {}
}



Aunpublished{,
author = {},
title = {},
note = {},
	month = {},
	year = {}
}



Ainproceedings{,
author = {},
title = {},
booktitle = {},
year = {},
	editor = {},
	volume = {},
	series = {},
	pages = {},
	address = {},
	month = {},
	organization = {},
	publisher = {},
	note = {}
}



Amanual{,
title = {},
	author = {},
	organization = {},
	address = {},
	edition = {},
	month = {},
	year = {},
	note = {}
}



Amisc{,
	author = {},
	title = {},
	howpublished = {},
	month = {},
	year = {},
	note = {}
}



