


De lege verwijzingen mogen niet beginnen met het speciale at-teken. 
Kopieer en Plak de template die je nodig hebt en vervang dan de eerste a door een at-teken.

Aarticle{,
author = {},
title = {},
journal = {},
year = {},
	volume = {},
	number = {},
	pages = {},
	note = {},
	month = {}
}
Abook{,
author = {},
title = {},
publisher = {},
year = {},
	volume = {},
	series = {},
	month = {},
	edition = {},
	address = {},
	note = {}
}

Ainbook{,
author = {},
title = {},
chapter = {},
pages = {},
publisher = {},
year = {},
	volume = {},
	series = {},
	type = {},
	address = {},
	month = {},
	edition = {},
	note = {}
}

Amastersthesis{,
author = {},
title = {},
school = {},
year = {},
	type = {Afstudeerwerk},
	address = {},
	month = {},
	note = {}
}



Aphdthesis{,
author = {},
title = {},
school = {},
year = {},
	type = {Doctoraatsthesis},
	address = {},
	month = {},
	note = {}
}



Aunpublished{,
author = {},
title = {},
note = {},
	month = {},
	year = {}
}



Ainproceedings{,
author = {},
title = {},
booktitle = {},
year = {},
	editor = {},
	volume = {},
	series = {},
	pages = {},
	address = {},
	month = {},
	organization = {},
	publisher = {},
	note = {}
}



Amanual{,
title = {},
	author = {},
	organization = {},
	address = {},
	edition = {},
	month = {},
	year = {},
	note = {}
}



Amisc{,
	author = {},
	title = {},
	howpublished = {},
	month = {},
	year = {},
	note = {}
}



